<record><leader>00000cas a22000007a 4500</leader><controlfield tag="001">17331905</controlfield><controlfield tag="008">880111d19681978couwr ne      0    0eng  </controlfield><datafield ind1=" " ind2=" " tag="010"><subfield code="a">sn 88063005 </subfield></datafield><datafield ind1=" " ind2=" " tag="040"><subfield code="a">DLC</subfield><subfield code="b">eng</subfield><subfield code="c">DLC</subfield><subfield code="d">CNQ</subfield><subfield code="d">DLC</subfield></datafield><datafield ind1=" " ind2=" " tag="037"><subfield code="b">Farmer and Miner, Box 400, 250 5th St., Frederick, CO 80530</subfield></datafield><datafield ind1=" " ind2=" " tag="042"><subfield code="a">msc</subfield></datafield><datafield ind1="0" ind2="0" tag="245"><subfield code="a">Farmer and miner and the Erie echo.</subfield></datafield><datafield ind1="0" ind2="7" tag="246"><subfield code="a">Farmer and miner</subfield></datafield><datafield ind1="0" ind2="0" tag="246"><subfield code="a">Erie echo</subfield></datafield><datafield ind1=" " ind2=" " tag="260"><subfield code="a">Frederick, Colo. :</subfield><subfield code="b">Marge and Dick Easton,</subfield></datafield><datafield ind1=" " ind2=" " tag="300"><subfield code="a">v. :</subfield><subfield code="b">ill. ;</subfield><subfield code="c">43 cm.</subfield></datafield><datafield ind1=" " ind2=" " tag="310"><subfield code="a">Weekly</subfield></datafield><datafield ind1="0" ind2=" " tag="362"><subfield code="a">Vol. 36, no. 27 (Apr. 18, 1968)-v. 46, no. 7 (Jan. 5, 1978).</subfield></datafield><datafield ind1=" " ind2=" " tag="500"><subfield code="a">The Erie echo appears inside the Farmer and miner and the Erie echo from Apr. 3, 1969-Dec. 1, 1977.</subfield></datafield><datafield ind1=" " ind2=" " tag="515"><subfield code="a">Numbering is irregular.</subfield></datafield><datafield ind1=" " ind2=" " tag="530"><subfield code="a">Available on microfilm from the Colorado Historical Society.</subfield></datafield><datafield ind1=" " ind2=" " tag="752"><subfield code="a">United States</subfield><subfield code="b">Colorado</subfield><subfield code="c">Weld</subfield><subfield code="d">Frederick.</subfield></datafield><datafield ind1="0" ind2="0" tag="780"><subfield code="t">Farmer and miner (Frederick, Colo.)</subfield><subfield code="w">(DLC)sn 89052100</subfield></datafield><datafield ind1="0" ind2="0" tag="785"><subfield code="t">Farmer and miner (Frederick, Colo. : 1978)</subfield><subfield code="w">(DLC)sn 89052101</subfield></datafield></record>